
@book{strasburger_lehrbuch_2012,
	address = {Heidelberg},
	title = {Lehrbuch der Botanik},
	isbn = {9783827414557 3827414555},
	language = {German},
	publisher = {Spektrum, Akad. Verl.},
	author = {Strasburger, Eduard and Bresinsky, Andreas},
	year = {2012}
},

@book{campbell_biologie_2009,
	address = {München [u.a.]},
	title = {Biologie},
	isbn = {9783827372871  3827372879  3827371805 9783827371805},
	language = {German},
	publisher = {Pearson Studium},
	author = {Campbell, Neil A and , Kratochwil and Lazar, Thomas and Reece, Jane B},
	year = {2009}
},

@book{luttge_botanik:_2010,
	address = {Weinheim, Bergstr},
	title = {Botanik: Die umfassende Biologie der Pflanzen},
	isbn = {9783527320301  {352732030X}},
	shorttitle = {Botanik},
	language = {German},
	publisher = {Wiley-{VCH}},
	author = {Lüttge, Ulrich and Kluge, Manfred and Thiel, Gerhard},
	year = {2010}
},

@book{schopfer_pflanzenphysiologie_2010,
	address = {Muenchen},
	title = {Pflanzenphysiologie},
	isbn = {9783827423511 3827423511},
	language = {German},
	publisher = {Elsevier, Spektrum Akad. Verl.},
	author = {Schopfer, Peter and Brennicke, Axel and Mohr, Hans},
	year = {2010}
}